<record><leader>00000cas a22000007a 4500</leader><controlfield tag="001">10600570</controlfield><controlfield tag="008">840406d18661866nbudn ne      0    0eng  </controlfield><datafield ind1=" " ind2=" " tag="010"><subfield code="a">sn 84020333 </subfield></datafield><datafield ind1=" " ind2=" " tag="040"><subfield code="a">DLC</subfield><subfield code="b">eng</subfield><subfield code="c">DLC</subfield><subfield code="d">NVG</subfield><subfield code="d">DLC</subfield><subfield code="d">OCLCQ</subfield><subfield code="d">OCLCF</subfield></datafield><datafield ind1="1" ind2=" " tag="029"><subfield code="a">AU@</subfield><subfield code="b">000025808436</subfield></datafield><datafield ind1=" " ind2=" " tag="042"><subfield code="a">msc</subfield></datafield><datafield ind1=" " ind2=" " tag="043"><subfield code="a">n-us-nb</subfield></datafield><datafield ind1="0" ind2="0" tag="050"><subfield code="a">Newspaper</subfield></datafield><datafield ind1="0" ind2="0" tag="245"><subfield code="a">Nebraska Republican.</subfield></datafield><datafield ind1="1" ind2="3" tag="246"><subfield code="a">Daily evening Republican</subfield></datafield><datafield ind1="1" ind2="7" tag="246"><subfield code="a">Daily Republican</subfield></datafield><datafield ind1=" " ind2=" " tag="260"><subfield code="a">Omaha City :</subfield><subfield code="b">Taylor &amp; M'Clure</subfield></datafield><datafield ind1=" " ind2=" " tag="300"><subfield code="a">v. :</subfield><subfield code="b">ill.</subfield></datafield><datafield ind1=" " ind2=" " tag="310"><subfield code="a">Daily (except Sun.)</subfield></datafield><datafield ind1="1" ind2=" " tag="362"><subfield code="a">Began in Feb. 1866; ceased in Mar. 1866.</subfield></datafield><datafield ind1=" " ind2=" " tag="588"><subfield code="a">Description based on: Vol. 3, no. 2 (Feb. 27, 1866).</subfield></datafield><datafield ind1=" " ind2="0" tag="651"><subfield code="a">Omaha (Neb.)</subfield><subfield code="v">Newspapers.</subfield></datafield><datafield ind1=" " ind2="7" tag="655"><subfield code="a">Newspapers.</subfield><subfield code="2">fast</subfield><subfield code="0">(OCoLC)fst01423814</subfield></datafield><datafield ind1=" " ind2="7" tag="651"><subfield code="a">Nebraska</subfield><subfield code="z">Omaha.</subfield><subfield code="2">fast</subfield><subfield code="0">(OCoLC)fst01204995</subfield></datafield><datafield ind1=" " ind2=" " tag="752"><subfield code="a">United States</subfield><subfield code="b">Nebraska</subfield><subfield code="c">Douglas</subfield><subfield code="d">Omaha.</subfield></datafield><datafield ind1="0" ind2=" " tag="775"><subfield code="a">Nebraska Republican (Omaha, Neb. : 1864)</subfield><subfield code="w">(DLC)sn 84020309</subfield><subfield code="w">(OCoLC)10575787</subfield></datafield><datafield ind1="0" ind2="0" tag="780"><subfield code="t">Nebraska daily Republican</subfield><subfield code="w">(DLC)sn 84020332</subfield><subfield code="w">(OCoLC)10600490</subfield></datafield><datafield ind1="0" ind2="0" tag="785"><subfield code="t">Omaha daily Republican (Omaha, Neb. : 1866)</subfield><subfield code="w">(DLC)sn 84020334</subfield></datafield></record>